@article{Adams:1995cv,
      author         = "Adams, Jennifer A. and Berges, J. and Bornholdt, S. and
                        Freire, F. and Tetradis, N. and Wetterich, C.",
      title          = "{Solving nonperturbative flow equations}",
      journal        = "Mod. Phys. Lett.",
      volume         = "A10",
      year           = "1995",
      pages          = "2367-2380",
      doi            = "10.1142/S0217732395002520",
      eprint         = "hep-th/9507093",
      archivePrefix  = "arXiv",
      primaryClass   = "hep-th",
      reportNumber   = "OUTP-95-12-P, HD-THEP-95-15, CAU-THP-95-10",
      SLACcitation   = "%%CITATION = HEP-TH/9507093;%%"
}  

@article{Adams:2005dq,
      author         = "Adams, John and others",
      title          = "{Experimental and theoretical challenges in the search
                        for the quark gluon plasma: The STAR Collaboration's
                        critical assessment of the evidence from RHIC collisions}",
      collaboration  = "STAR",
      journal        = "Nucl. Phys.",
      volume         = "A757",
      year           = "2005",
      pages          = "102-183",
      doi            = "10.1016/j.nuclphysa.2005.03.085",
      eprint         = "nucl-ex/0501009",
      archivePrefix  = "arXiv",
      primaryClass   = "nucl-ex",
      SLACcitation   = "%%CITATION = NUCL-EX/0501009;%%"
}

@article{Adam:2015lda,
      author         = "Adam, Jaroslav and others",
      title          = "{Direct photon production in Pb-Pb collisions at
                        $\sqrt{s_\rm{NN}} =$ 2.76 TeV}",
      collaboration  = "ALICE",
      journal        = "Phys. Lett.",
      volume         = "B754",
      year           = "2016",
      pages          = "235-248",
      doi            = "10.1016/j.physletb.2016.01.020",
      eprint         = "1509.07324",
      archivePrefix  = "arXiv",
      primaryClass   = "nucl-ex",
      reportNumber   = "CERN-PH-EP-2015-254, ALICE-PUBLIC-2015-007",
      SLACcitation   = "%%CITATION = ARXIV:1509.07324;%%"
}

@article{Adam:2019wnb,
      author         = "Adam, Jaroslav and others",
      title          = "{Beam energy dependence of (anti-)deuteron production in
                        Au+Au collisions at RHIC}",
      collaboration  = "STAR",
      year           = "2019",
      eprint         = "1903.11778",
      archivePrefix  = "arXiv",
      primaryClass   = "nucl-ex",
      SLACcitation   = "%%CITATION = ARXIV:1903.11778;%%"
}

@article{Adamczyk:2013dal,
      author         = "Adamczyk, L. and others",
      title          = "{Energy Dependence of Moments of Net-proton Multiplicity
                        Distributions at RHIC}",
      collaboration  = "STAR",
      journal        = "Phys. Rev. Lett.",
      volume         = "112",
      year           = "2014",
      pages          = "032302",
      doi            = "10.1103/PhysRevLett.112.032302",
      eprint         = "1309.5681",
      archivePrefix  = "arXiv",
      primaryClass   = "nucl-ex",
      SLACcitation   = "%%CITATION = ARXIV:1309.5681;%%"
}

@article{Adamczyk:2014fia,
      author         = "Adamczyk, L. and others",
      title          = "{Beam energy dependence of moments of the net-charge
                        multiplicity distributions in Au+Au collisions at RHIC}",
      collaboration  = "STAR",
      journal        = "Phys. Rev. Lett.",
      volume         = "113",
      year           = "2014",
      pages          = "092301",
      doi            = "10.1103/PhysRevLett.113.092301",
      eprint         = "1402.1558",
      archivePrefix  = "arXiv",
      primaryClass   = "nucl-ex",
      SLACcitation   = "%%CITATION = ARXIV:1402.1558;%%"
}

@article{Alkofer:2018guy,
      author         = "Alkofer, Reinhard and Maas, Axel and Mian, Walid Ahmed
                        and Mitter, Mario and París-López, Jordi and Pawlowski,
                        Jan M. and Wink, Nicolas",
      title          = "{Bound state properties from the functional
                        renormalization group}",
      journal        = "Phys. Rev.",
      volume         = "D99",
      year           = "2019",
      number         = "5",
      pages          = "054029",
      doi            = "10.1103/PhysRevD.99.054029",
      eprint         = "1810.07955",
      archivePrefix  = "arXiv",
      primaryClass   = "hep-ph",
      SLACcitation   = "%%CITATION = ARXIV:1810.07955;%%"
}

@article{Andronic:2017pug,
      author         = "Andronic, Anton and Braun-Munzinger, Peter and Redlich,
                        Krzysztof and Stachel, Johanna",
      title          = "{Decoding the phase structure of QCD via particle
                        production at high energy}",
      journal        = "Nature",
      volume         = "561",
      year           = "2018",
      number         = "7723",
      pages          = "321-330",
      doi            = "10.1038/s41586-018-0491-6",
      eprint         = "1710.09425",
      archivePrefix  = "arXiv",
      primaryClass   = "nucl-th",
      SLACcitation   = "%%CITATION = ARXIV:1710.09425;%%"
}

@article{Bazavov:2012jq,
      author         = "Bazavov, A. and others",
      title          = "{Fluctuations and Correlations of net baryon number,
                        electric charge, and strangeness: A comparison of lattice
                        QCD results with the hadron resonance gas model}",
      collaboration  = "HotQCD",
      journal        = "Phys. Rev.",
      volume         = "D86",
      year           = "2012",
      pages          = "034509",
      doi            = "10.1103/PhysRevD.86.034509",
      eprint         = "1203.0784",
      archivePrefix  = "arXiv",
      primaryClass   = "hep-lat",
      SLACcitation   = "%%CITATION = ARXIV:1203.0784;%%"
}

@article{Bazavov:2017dus,
      author         = "Bazavov, A. and others",
      title          = "{The QCD Equation of State to $\mathcal{O}(\mu_B^6)$ from
                        Lattice QCD}",
      journal        = "Phys. Rev.",
      volume         = "D95",
      year           = "2017",
      number         = "5",
      pages          = "054504",
      doi            = "10.1103/PhysRevD.95.054504",
      eprint         = "1701.04325",
      archivePrefix  = "arXiv",
      primaryClass   = "hep-lat",
      SLACcitation   = "%%CITATION = ARXIV:1701.04325;%%"
}

@article{Bazavov:2017tot,
      author         = "Bazavov, A. and others",
      title          = "{Skewness and kurtosis of net baryon-number distributions
                        at small values of the baryon chemical potential}",
      collaboration  = "HotQCD",
      journal        = "Phys. Rev.",
      volume         = "D96",
      year           = "2017",
      number         = "7",
      pages          = "074510",
      doi            = "10.1103/PhysRevD.96.074510",
      eprint         = "1708.04897",
      archivePrefix  = "arXiv",
      primaryClass   = "hep-lat",
      SLACcitation   = "%%CITATION = ARXIV:1708.04897;%%"
}

@article{Bazavov:2018mes,
      author         = "Bazavov, A. and others",
      title          = "{Chiral crossover in QCD at zero and non-zero chemical
                        potentials}",
      collaboration  = "HotQCD",
      journal        = "Phys. Lett.",
      volume         = "B795",
      year           = "2019",
      pages          = "15-21",
      doi            = "10.1016/j.physletb.2019.05.013",
      eprint         = "1812.08235",
      archivePrefix  = "arXiv",
      primaryClass   = "hep-lat",
      SLACcitation   = "%%CITATION = ARXIV:1812.08235;%%"
}

@article{Bellwied:2015rza,
      author         = "Bellwied, R. and Borsanyi, S. and Fodor, Z. and Günther,
                        J. and Katz, S. D. and Ratti, C. and Szabo, K. K.",
      title          = "{The QCD phase diagram from analytic continuation}",
      journal        = "Phys. Lett.",
      volume         = "B751",
      year           = "2015",
      pages          = "559-564",
      doi            = "10.1016/j.physletb.2015.11.011",
      eprint         = "1507.07510",
      archivePrefix  = "arXiv",
      primaryClass   = "hep-lat",
      SLACcitation   = "%%CITATION = ARXIV:1507.07510;%%"
}

@article{Bohr:2000gp,
      author         = "Bohr, O. and Schaefer, B. J. and Wambach, J.",
      title          = "{Renormalization group flow equations and the phase
                        transition in O(N) models}",
      journal        = "Int. J. Mod. Phys.",
      volume         = "A16",
      year           = "2001",
      pages          = "3823-3852",
      doi            = "10.1142/S0217751X0100502X",
      eprint         = "hep-ph/0007098",
      archivePrefix  = "arXiv",
      primaryClass   = "hep-ph",
      SLACcitation   = "%%CITATION = HEP-PH/0007098;%%"
}

@article{Borsanyi:2018grb,
      author         = "Borsanyi, Szabolcs and Fodor, Zoltan and Guenther, Jana
                        N. and Katz, Sandor K. and Szabo, Kalman K. and Pasztor,
                        Attila and Portillo, Israel and Ratti, Claudia",
      title          = "{Higher order fluctuations and correlations of conserved
                        charges from lattice QCD}",
      journal        = "JHEP",
      volume         = "10",
      year           = "2018",
      pages          = "205",
      doi            = "10.1007/JHEP10(2018)205",
      eprint         = "1805.04445",
      archivePrefix  = "arXiv",
      primaryClass   = "hep-lat",
      SLACcitation   = "%%CITATION = ARXIV:1805.04445;%%"
}

@article{Ding:2019prx,
      author         = "Ding, H. T. and others",
      title          = "{The chiral phase transition temperature in (2+1)-flavor
                        QCD}",
      year           = "2019",
      eprint         = "1903.04801",
      archivePrefix  = "arXiv",
      primaryClass   = "hep-lat",
      SLACcitation   = "%%CITATION = ARXIV:1903.04801;%%"
}

@article{Fischer:2014ata,
      author         = "Fischer, Christian S. and Luecker, Jan and Welzbacher,
                        Christian A.",
      title          = "{Phase structure of three and four flavor QCD}",
      journal        = "Phys. Rev.",
      volume         = "D90",
      year           = "2014",
      number         = "3",
      pages          = "034022",
      doi            = "10.1103/PhysRevD.90.034022",
      eprint         = "1405.4762",
      archivePrefix  = "arXiv",
      primaryClass   = "hep-ph",
      SLACcitation   = "%%CITATION = ARXIV:1405.4762;%%"
}

@article{Fischer:2018sdj,
      author         = "Fischer, Christian S.",
      title          = "{QCD at finite temperature and chemical potential from
                        Dyson–Schwinger equations}",
      journal        = "Prog. Part. Nucl. Phys.",
      volume         = "105",
      year           = "2019",
      pages          = "1-60",
      doi            = "10.1016/j.ppnp.2019.01.002",
      eprint         = "1810.12938",
      archivePrefix  = "arXiv",
      primaryClass   = "hep-ph",
      SLACcitation   = "%%CITATION = ARXIV:1810.12938;%%"
}

@article{Fu:2009wy,
      author         = "Fu, Wei-jie and Liu, Yu-xin and Wu, Yue-Liang",
      title          = "{Fluctuations and Correlations of Conserved Charges in
                        QCD at Finite Temperature with Effective Models}",
      journal        = "Phys. Rev.",
      volume         = "D81",
      year           = "2010",
      pages          = "014028",
      doi            = "10.1103/PhysRevD.81.014028",
      eprint         = "0910.5783",
      archivePrefix  = "arXiv",
      primaryClass   = "hep-ph",
      SLACcitation   = "%%CITATION = ARXIV:0910.5783;%%"
}

@article{Fu:2015naa,
      author         = "Fu, Wei-jie and Pawlowski, Jan M.",
      title          = "{Relevance of matter and glue dynamics for baryon number
                        fluctuations}",
      journal        = "Phys. Rev.",
      volume         = "D92",
      year           = "2015",
      number         = "11",
      pages          = "116006",
      doi            = "10.1103/PhysRevD.92.116006",
      eprint         = "1508.06504",
      archivePrefix  = "arXiv",
      primaryClass   = "hep-ph",
      SLACcitation   = "%%CITATION = ARXIV:1508.06504;%%"
}
@article{Fu:2015amv,
      author         = "Fu, Wei-jie and Pawlowski, Jan M.",
      title          = "{Correlating the skewness and kurtosis of baryon number
                        distributions}",
      journal        = "Phys. Rev.",
      volume         = "D93",
      year           = "2016",
      number         = "9",
      pages          = "091501",
      doi            = "10.1103/PhysRevD.93.091501",
      eprint         = "1512.08461",
      archivePrefix  = "arXiv",
      primaryClass   = "hep-ph",
      SLACcitation   = "%%CITATION = ARXIV:1512.08461;%%"
}

@article{Fu:2018qsk,
      author         = "Fu, Wei-jie and Pawlowski, Jan M. and Rennecke, Fabian",
      title          = "{Strangeness Neutrality and QCD Thermodynamics}",
      year           = "2018",
      eprint         = "1808.00410",
      archivePrefix  = "arXiv",
      primaryClass   = "hep-ph",
      SLACcitation   = "%%CITATION = ARXIV:1808.00410;%%"
}

@article{Fu:2018swz,
      author         = "Fu, Wei-jie and Pawlowski, Jan M. and Rennecke, Fabian",
      title          = "{Strangeness neutrality and baryon-strangeness
                        correlations}",
      year           = "2018",
      eprint         = "1809.01594",
      archivePrefix  = "arXiv",
      primaryClass   = "hep-ph",
      SLACcitation   = "%%CITATION = ARXIV:1809.01594;%%"
}

@article{Helmboldt:2014iya,
      author         = "Helmboldt, Alexander J. and Pawlowski, Jan M. and
                        Strodthoff, Nils",
      title          = "{Towards quantitative precision in the chiral crossover:
                        masses and fluctuation scales}",
      journal        = "Phys. Rev.",
      volume         = "D91",
      year           = "2015",
      number         = "5",
      pages          = "054010",
      doi            = "10.1103/PhysRevD.91.054010",
      eprint         = "1409.8414",
      archivePrefix  = "arXiv",
      primaryClass   = "hep-ph",
      SLACcitation   = "%%CITATION = ARXIV:1409.8414;%%"
}

@article{Herbst:2013ufa,
      author         = "Herbst, Tina Katharina and Mitter, Mario and Pawlowski,
                        Jan M. and Schaefer, Bernd-Jochen and Stiele, Rainer",
      title          = "{Thermodynamics of QCD at vanishing density}",
      journal        = "Phys. Lett.",
      volume         = "B731",
      year           = "2014",
      pages          = "248-256",
      doi            = "10.1016/j.physletb.2014.02.045",
      eprint         = "1308.3621",
      archivePrefix  = "arXiv",
      primaryClass   = "hep-ph",
      SLACcitation   = "%%CITATION = ARXIV:1308.3621;%%"
}

@article{Lo:2013hla,
      author         = "Lo, Pok Man and Friman, Bengt and Kaczmarek, Olaf and
                        Redlich, Krzysztof and Sasaki, Chihiro",
      title          = "{Polyakov loop fluctuations in SU(3) lattice gauge theory
                        and an effective gluon potential}",
      journal        = "Phys. Rev.",
      volume         = "D88",
      year           = "2013",
      pages          = "074502",
      doi            = "10.1103/PhysRevD.88.074502",
      eprint         = "1307.5958",
      archivePrefix  = "arXiv",
      primaryClass   = "hep-lat",
      SLACcitation   = "%%CITATION = ARXIV:1307.5958;%%"
}

@article{Luo:2017faz,
      author         = "Luo, Xiaofeng and Xu, Nu",
      title          = "{Search for the QCD Critical Point with Fluctuations of
                        Conserved Quantities in Relativistic Heavy-Ion Collisions
                        at RHIC : An Overview}",
      journal        = "Nucl. Sci. Tech.",
      volume         = "28",
      year           = "2017",
      number         = "8",
      pages          = "112",
      doi            = "10.1007/s41365-017-0257-0",
      eprint         = "1701.02105",
      archivePrefix  = "arXiv",
      primaryClass   = "nucl-ex",
      SLACcitation   = "%%CITATION = ARXIV:1701.02105;%%"
}

@article{Mitter:2013fxa,
      author         = "Mitter, Mario and Schaefer, Bernd-Jochen",
      title          = "{Fluctuations and the axial anomaly with three quark
                        flavors}",
      journal        = "Phys. Rev.",
      volume         = "D89",
      year           = "2014",
      number         = "5",
      pages          = "054027",
      doi            = "10.1103/PhysRevD.89.054027",
      eprint         = "1308.3176",
      archivePrefix  = "arXiv",
      primaryClass   = "hep-ph",
      SLACcitation   = "%%CITATION = ARXIV:1308.3176;%%"
}

@article{Monnai:2019hkn,
      author         = "Monnai, Akihiko and Schenke, Björn and Shen, Chun",
      title          = "{Equation of state at finite densities for QCD matter in
                        nuclear collisions}",
      year           = "2019",
      eprint         = "1902.05095",
      archivePrefix  = "arXiv",
      primaryClass   = "nucl-th",
      SLACcitation   = "%%CITATION = ARXIV:1902.05095;%%"
}

@article{Noronha-Hostler:2019ayj,
      author         = "Noronha-Hostler, J. and Parotto, P. and Ratti, C. and
                        Stafford, J. M.",
      title          = "{Lattice-based equation of state at finite baryon number,
                        electric charge and strangeness chemical potentials}",
      year           = "2019",
      eprint         = "1902.06723",
      archivePrefix  = "arXiv",
      primaryClass   = "hep-ph",
      SLACcitation   = "%%CITATION = ARXIV:1902.06723;%%"
}

@article{Pawlowski:2014zaa,
      author         = "Pawlowski, Jan M. and Rennecke, Fabian",
      title          = "{Higher order quark-mesonic scattering processes and the
                        phase structure of QCD}",
      journal        = "Phys. Rev.",
      volume         = "D90",
      year           = "2014",
      number         = "7",
      pages          = "076002",
      doi            = "10.1103/PhysRevD.90.076002",
      eprint         = "1403.1179",
      archivePrefix  = "arXiv",
      primaryClass   = "hep-ph",
      SLACcitation   = "%%CITATION = ARXIV:1403.1179;%%"
}

@article{Rennecke:2016tkm,
      author         = "Rennecke, Fabian and Schaefer, Bernd-Jochen",
      title          = "{Fluctuation-induced modifications of the phase structure
                        in (2+1)-flavor QCD}",
      journal        = "Phys. Rev.",
      volume         = "D96",
      year           = "2017",
      number         = "1",
      pages          = "016009",
      doi            = "10.1103/PhysRevD.96.016009",
      eprint         = "1610.08748",
      archivePrefix  = "arXiv",
      primaryClass   = "hep-ph",
      SLACcitation   = "%%CITATION = ARXIV:1610.08748;%%"
}

@article{Schaefer:2004en,
      author         = "Schaefer, Bernd-Jochen and Wambach, Jochen",
      title          = "{The Phase diagram of the quark meson model}",
      journal        = "Nucl. Phys.",
      volume         = "A757",
      year           = "2005",
      pages          = "479-492",
      doi            = "10.1016/j.nuclphysa.2005.04.012",
      eprint         = "nucl-th/0403039",
      archivePrefix  = "arXiv",
      primaryClass   = "nucl-th",
      SLACcitation   = "%%CITATION = NUCL-TH/0403039;%%"
}
@article{Sun:2018ozp,
      author         = "Sun, Ke-xin and Wen, Rui and Fu, Wei-jie",
      title          = "{Baryon number probability distribution at finite
                        temperature}",
      journal        = "Phys. Rev.",
      volume         = "D98",
      year           = "2018",
      number         = "7",
      pages          = "074028",
      doi            = "10.1103/PhysRevD.98.074028",
      eprint         = "1805.12025",
      archivePrefix  = "arXiv",
      primaryClass   = "hep-ph",
      SLACcitation   = "%%CITATION = ARXIV:1805.12025;%%"
}

@article{Wen:2018nkn,
      author         = "Wen, Rui and Huang, Chuang and Fu, Wei-Jie",
      title          = "{Baryon number fluctuations in the 2+1 flavor low energy
                        effective model}",
      journal        = "Phys. Rev.",
      volume         = "D99",
      year           = "2019",
      number         = "9",
      pages          = "094019",
      doi            = "10.1103/PhysRevD.99.094019",
      eprint         = "1809.04233",
      archivePrefix  = "arXiv",
      primaryClass   = "hep-ph",
      SLACcitation   = "%%CITATION = ARXIV:1809.04233;%%"
}


@article{Yang:2019bjr,
      author         = "Yang, Qian",
      title          = "{The STAR BES-II and Forward Rapidity Physics and
                        Upgrades}",
      booktitle      = "{Proceedings, 27th International Conference on
                        Ultrarelativistic Nucleus-Nucleus Collisions (Quark Matter
                        2018): Venice, Italy, May 14-19, 2018}",
      collaboration  = "STAR",
      journal        = "Nucl. Phys.",
      volume         = "A982",
      year           = "2019",
      pages          = "951-954",
      doi            = "10.1016/j.nuclphysa.2018.10.029",
      SLACcitation   = "%%CITATION = NUPHA,A982,951;%%"
}

@article{Yin:2019ebz,
      author         = "Yin, Shi and Wen, Rui and Fu, Wei-jie",
      title          = "{Mesonic dynamics and QCD phase transition}",
      year           = "2019",
      eprint         = "1907.10262",
      archivePrefix  = "arXiv",
      primaryClass   = "hep-ph",
      SLACcitation   = "%%CITATION = ARXIV:1907.10262;%%"
}
